@article{inverseSolution,
  title={Inverse Solution to the Coupled Ordinary Differential Equation},
  author={P. Venkataraman},
  journal={IDETC/CIE 2010},
  year={2010},
  publisher={IDETC/CIE}
}

@article{determiningODE,
  title={Determining the Ordinary Differential Equation from Noisy Data},
  author={P. Venkataraman},
  journal={IDETC/CIE 2011},
  year={2011},
  publisher={IDETC/CIE}
}

@article{comparingVEA,
  title={Comparing Various Evolutionary Algorithms on the Parameter Optimization of the Valine and Leucine Biosynthesis in \textit{Corynebacterium glutamicum}},
  author={Andreas Dräger and Jochen Supper and Hannes Planatscher and Jørgen B. Magnus and Marco Oldiges and Andreas Zell},
  journal={IEEE Congress on Evolutionary Computation},
  year={2007},
  publisher={CEC}
}

@article{joseEduardoMan,
  title={Inferring Gene Regulatory Network Models from Time-Series Data Using Metaheuristics},
  author={José Eduardo H. da Silva and Heder S.Bernadino and Helio J. C. Barbosa and Alex B. Vieira and Luciana C. D. Campos and Itamar L. de Oliveira},
  journal={IEEE Congress on Evolutionary Computation},
  year={2020},
  publisher={CEC}
}

@article{param,
  title={Parameter Estimation for Differential Equations: A Generalized Smoothing Approach},
  author={J. O. Ramsay and G. Hooker and D. Campbell and J. Cao},
  journal={Mathematics of Information Technology and Complex Systems},
  publisher={MIATICS}
}